<?xml version="1.0" encoding="UTF-8"?><collection xmlns="http://www.loc.gov/MARC21/slim"><record><leader>00352nam--2200133-i-4500</leader><controlfield tag="001">000004055</controlfield><controlfield tag="002">20161230</controlfield><controlfield tag="005">20161230201025</controlfield><controlfield tag="008">060222s1000------------r-----000-0-eng-d</controlfield><datafield ind1=" " ind2=" " tag="080"><subfield code="a">061.62(048)</subfield></datafield><datafield ind1=" " ind2=" " tag="245"><subfield code="a">Atomic energy of canada.april 1952 to august 1959</subfield></datafield><datafield ind1=" " ind2=" " tag="260"><subfield code="a">Chalk River, A.E.C. Ltd., 1959</subfield></datafield><datafield ind1=" " ind2=" " tag="490"><subfield code="a">Atomic Energy Of Canada</subfield></datafield><datafield ind1=" " ind2=" " tag="852"><subfield code="a">D1038</subfield></datafield></record></collection>